% This file was created with JabRef 2.10.
% Encoding: UTF8


@Book{aig_enum,
  Title                    = {A course in enumeration},
  Author                   = {Aigner, M.},
  Editor                   = {Axler, S. and Ribet, K. A.},
  Publisher                = {Springer-Verlag},
  Year                     = {2000},
  Series                   = {Graduate texts in mathematics},
  Volume                   = {238},

  Owner                    = {Paul},
  Timestamp                = {2015.03.13}
}

@Book{AignerDiskrete,
  Title                    = {Diskrete Mathematik},
  Author                   = {Aigner, M.},
  Publisher                = {Vieweg},
  Year                     = {1999},
  Edition                  = {3},

  Owner                    = {stapor},
  Timestamp                = {2015.05.29}
}

@Article{Aleks,
  Title                    = {Invariant $^*$-products on coadjoint orbits and the Shapovalov pairing},
  Author                   = {Alekseev, A. and Lachowska, A-},
  Journal                  = {Commentarii Mathematici Helvetici},
  Year                     = {2005},
  Pages                    = {795-810},
  Volume                   = {80},

  Owner                    = {stapor},
  Timestamp                = {2015.06.18}
}

@Book{ElemFunkAna,
  Title                    = {Elemente der Funktionalanalysis},
  Author                   = {Appell, J. and V\"ath, M.},
  Publisher                = {Vieweg},
  Year                     = {2005},

  Owner                    = {stapor},
  Timestamp                = {2015.05.29}
}

@Book{aik,
  Title                    = {{B}ernoulli Numbers and {Zeta} functions},
  Author                   = {Arakawa, T. and Ibukiyama, T.m and Kaneko, M.},
  Publisher                = {Springer-Verlag},
  Year                     = {2014},
  Series                   = {Springer Monographs in Mathematics},

  Owner                    = {Paul},
  Timestamp                = {2015.03.10}
}

@Book{arnold,
  Title                    = {Mathematical Methods of Classical Mechanics},
  Author                   = {Arnold, V. I.},
  Publisher                = {Springer Verlag},
  Year                     = {1989},

  Owner                    = {stapor},
  Timestamp                = {2015.05.29}
}

@Article{baker,
  Title                    = {Alternants and Continuous Groups},
  Author                   = {H. Baker},
  Journal                  = {Proc. Lond. Math. Soc.},
  Year                     = {1905},
  Pages                    = {24-47},
  Volume                   = {3},

  Owner                    = {Paul},
  Timestamp                = {2015.01.27}
}

@PhdThesis{Beiser,
  Title                    = {A convergent algebra for the {W}ick star product on the {P}oincar\'e disk},
  Author                   = {Beiser, S.},
  School                   = {Albert-Ludwigs-Universit\"at Freiburg},
  Year                     = {2011},

  HowPublished             = {Phd thesis},
  Owner                    = {stapor},
  Timestamp                = {2015.05.29}
}

@Article{BRW,
  Title                    = {Convergence of the Wick Star Product},
  Author                   = {Beiser, S. and Römer, H. and Waldmann, S.},
  Journal                  = {Communications in Mathematical Physics},
  Year                     = {2007},
  Pages                    = {25-52},
  Volume                   = {272},

  Owner                    = {stapor},
  Timestamp                = {2015.06.18}
}

@Article{BeiserWald,
  Title                    = {Fréchet algebraic deformation quantization},
  Author                   = {Beiser, S. and Waldmann, S.},
  Journal                  = {Crelles Journal für die reine und angewandte Mathematik},
  Year                     = {2014},
  Pages                    = {147-207},
  Volume                   = {688},

  Owner                    = {stapor},
  Timestamp                = {2015.06.18}
}

@Article{be,
  Title                    = {Some remarks about the associated envelope of a {L}ie algebra},
  Author                   = {F. A. Berezin},
  Journal                  = {Journal of Functional Analysis and its
Applications},
  Year                     = {1967},
  Number                   = {2},
  Pages                    = {1-14},
  Volume                   = {1},

  Owner                    = {Paul},
  Timestamp                = {2015.01.05}
}

@Article{Bielia1,
  Title                    = {Strict Quantization of Solvable Symmetric Spaces},
  Author                   = {Bieliavsky, P.},
  Journal                  = {Journal of Symplectic Geometry},
  Year                     = {2002},
  Number                   = {2},
  Pages                    = {269-320},
  Volume                   = {1},

  Owner                    = {stapor},
  Timestamp                = {2015.06.09}
}

@Article{BieliaGayral,
  Title                    = {Deformation Quantization for Actions of Kählerian Lie Groups},
  Author                   = {Bieliavsky, P. and Gayral, V.},
  Journal                  = {Memoirs of the American Mathematical Society},
  Year                     = {2015},
  Number                   = {1115},
  Volume                   = {236},

  Owner                    = {stapor},
  Timestamp                = {2015.06.18}
}

@Article{bnwtq1,
  Title                    = {Homogeneous {F}edosov Star products on cotangent Bundles {I}: {W}eyl and standard Ordering with Differential operator representation},
  Author                   = {Bordemann, M. and Neumaier, N. and Waldmann, S.},
  Journal                  = {Communications in Mathematical Physics},
  Year                     = {1998},
  Pages                    = {363-396},
  Volume                   = {198},

  Owner                    = {Paul},
  Timestamp                = {2015.02.25}
}

@Book{Boseck,
  Title                    = {Analysis on topological groups - General Lie Theory},
  Author                   = {Boseck, H. and Czichowski, G. and Rudolph, K.-P.},
  Publisher                = {Teubner},
  Year                     = {1981},
  Series                   = {Teubner-Texte zur Mathematik},
  Volume                   = {37},

  Owner                    = {stapor},
  Timestamp                = {2015.06.08}
}

@Book{Bourbaki,
  Title                    = {{L}ie groups and {L}ie algebras},
  Author                   = {Bourbaki, N.},
  Publisher                = {Springer Verlag},
  Year                     = {2002},

  Owner                    = {stapor},
  Timestamp                = {2015.05.29}
}

@Article{CGRTangential,
  Title                    = {On tangential star products for the coadjoint Poisson structure},
  Author                   = {Cahen, M and Gutt, S. and Rawnsley, J.},
  Journal                  = {Communications in Mathematical Physics},
  Year                     = {1996},
  Number                   = {1},
  Pages                    = {99-108},
  Volume                   = {180},

  Owner                    = {stapor},
  Timestamp                = {2015.06.18}
}

@Book{Combinatorics,
  Title                    = {Combinatorics: Topics, Techniques, Algorithms},
  Author                   = {Cameron, P.},
  Publisher                = {Cambridge University Press},
  Year                     = {1994},

  Owner                    = {stapor},
  Timestamp                = {2015.05.29}
}

@Article{campb2,
  Title                    = {On a Law of Combination of Operators},
  Author                   = {J. E. Campbell},
  Journal                  = {Proc. Lond. Math. Soc.},
  Year                     = {1897},
  Pages                    = {14-32},
  Volume                   = {29},

  Owner                    = {Paul},
  Timestamp                = {2015.01.27}
}

@Article{campb1,
  Title                    = {On a Law of Combination of Operators bearing on the Theory of Continuous Transformation Groups},
  Author                   = {J. E. Campbell},
  Journal                  = {Proc. Lond. Math. Soc.},
  Year                     = {1896},
  Pages                    = {381-390},
  Volume                   = {28},

  Owner                    = {Paul},
  Timestamp                = {2015.01.27}
}

@Article{carl,
  Title                    = {Bernoulli Numbers},
  Author                   = {Carlitz, L.},
  Journal                  = {Fibonacci Quarterly},
  Year                     = {1968},
  Pages                    = {71-85},
  Volume                   = {6},

  Owner                    = {Paul},
  Timestamp                = {2015.03.13}
}

@Article{casbln,
  Title                    = {On the convergence and optimization of the {B}aker–{C}ampbell–{H}ausdorff formula},
  Author                   = {Casas, F. and Blanes, S.},
  Journal                  = {Linear {A}lgebra and its {A}pplications},
  Year                     = {2004},
  Pages                    = {135–158},
  Volume                   = {378},

  Owner                    = {Paul},
  Timestamp                = {2015.02.05}
}

@Article{casmur,
  Title                    = {An efficient algorithm for computing the Baker–Campbell–Hausdorff series and some of its applications},
  Author                   = {Casas, F. and Murua, A.},
  Journal                  = {Journal of Mathematical Physics},
  Year                     = {2009},
  Volume                   = {50},

  Owner                    = {Paul},
  Timestamp                = {2015.01.09}
}

@Book{Chari,
  Title                    = {A guide to quantum groups},
  Author                   = {Chari, V. and Pressley, A.},
  Publisher                = {Cambridge University Press},
  Year                     = {1994},

  Owner                    = {stapor},
  Timestamp                = {2015.05.29}
}

@Article{Cortinas,
  Title                    = {An explicit formula for PBW quantization},
  Author                   = {Corti\~{n}as, G.},
  Journal                  = {Communications in Algebra},
  Year                     = {2002},
  Number                   = {4},
  Pages                    = {1705-1713},
  Volume                   = {30},

  Owner                    = {stapor},
  Timestamp                = {2015.05.29}
}

@Book{Dirac,
  Title                    = {The principles of quantum mechanics},
  Author                   = {Dirac, P. A. M.},
  Publisher                = {Oxford University Press},
  Year                     = {1958},
  Edition                  = {4},

  Owner                    = {stapor},
  Timestamp                = {2015.06.05}
}

@Book{Dixmier,
  Title                    = {Alg\`ebres enveloppantes},
  Author                   = {Dixmier, J.},
  Publisher                = {Gauthier-Villars},
  Year                     = {1974},

  Owner                    = {stapor},
  Timestamp                = {2015.05.29}
}

@Book{duiko,
  Title                    = {Lie Groups},
  Author                   = {Duistermaat, J. J. and Kolk, J. A. C.},
  Publisher                = {Springer-Verlag},
  Year                     = {2000},
  Series                   = {Universitext},

  Owner                    = {Paul},
  Timestamp                = {2015.02.04}
}

@Article{dynkin2,
  Title                    = {Normed {L}ie algebras and analytic groups},
  Author                   = {Dynkin, E.},
  Journal                  = {Uspekhi Mat. Nauk.},
  Year                     = {1950},
  Note                     = {English version in ''AMS Translation'', series 1, volume 9, 1962},
  Pages                    = {135-186},
  Volume                   = {5},

  Owner                    = {Paul},
  Timestamp                = {2015.02.05}
}

@Article{dynkin1,
  Title                    = {Calculation of the Coefficients in the {C}ampbell-{H}ausdorff formula},
  Author                   = {Dynkin, E.},
  Journal                  = {Doklady Akademii Nauk SSSR},
  Year                     = {1947},
  Note                     = {English version in ''Selected papers of E. B. Dynkin with commentary'', by AMS in 2000},
  Pages                    = {323-326},
  Volume                   = {57},

  Owner                    = {Paul},
  Timestamp                = {2015.01.27}
}

@Book{Esposito,
  Title                    = {Formality Theory - From {P}oisson Structures to Defomation Quantization},
  Author                   = {Esposito, C.},
  Publisher                = {Springer Verlag},
  Year                     = {2015},
  Series                   = {Springer Briefs in Mathematiical Physics},
  Volume                   = {2},

  Owner                    = {stapor},
  Timestamp                = {2015.05.29}
}

@Unpublished{ESW,
  Title                    = {Convergence for the {G}utt star product},
  Author                   = {Esposito, C. and Stapor, P. and Waldmann, S.},
  Note                     = {arXiv:SomethingHere},
  Year                     = {2015},

  Owner                    = {stapor},
  Timestamp                = {2015.05.19}
}

@Article{EtKaz,
  Title                    = {Quantization of Lie bialgebra},
  Author                   = {Etinghof, P. and Kazhan, D.},
  Journal                  = {Selecta Mathematica},
  Year                     = {1996},
  Pages                    = {1-41},
  Volume                   = {2},

  Owner                    = {stapor},
  Timestamp                = {2015.06.12}
}

@Article{Fedosov1,
  Title                    = {A Simple Geometrical Construction of Deformation Quantization},
  Author                   = {Fedosov, B. V.},
  Journal                  = {Journal of Differential Geometry},
  Year                     = {1994},
  Pages                    = {213-238},
  Volume                   = {40},

  Owner                    = {stapor},
  Timestamp                = {2015.06.12}
}

@Article{Fioresi,
  Title                    = {Algebraic and differential star products on regular orbits of compact Lie groups},
  Author                   = {Fioresi, R. and Levrero, A. and Lled\'o, M. A.},
  Journal                  = {Pacific Journal of Mathematics},
  Year                     = {2002},
  Number                   = {1},
  Volume                   = {3},

  Owner                    = {stapor},
  Timestamp                = {2015.06.18}
}

@Article{Dijon2,
  Title                    = {Crochets de Moyal-Vey et quantification},
  Author                   = {Flato, M. and Lichnerowicz, A. and Sternheimer, D.},
  Journal                  = {Comptes Rendus de l'Acad\'emie des Sciences. S\'erie A},
  Year                     = {1976},
  Pages                    = {19-24},
  Volume                   = {283},

  Owner                    = {stapor},
  Timestamp                = {2015.06.09}
}

@Article{Dijon1,
  Title                    = {D\'eformations 1-diff\'erentiables des alg\`ebres de Lie attach\'ees \`a une vari\'et\'e symplectique ou de contact},
  Author                   = {Flato, M. and Lichnerowicz, A. and Sternheimer, D.},
  Journal                  = {Compositio Mathematica},
  Year                     = {1975},
  Pages                    = {47-82},
  Volume                   = {31},

  Owner                    = {stapor},
  Timestamp                = {2015.06.09}
}

@Unpublished{Galindo,
  Title                    = {Topologically nilpotent normed algebras},
  Author                   = {Galindo, A. M. and Palacios, A. R.},
  Note                     = {Preprint (on Researchgate)},

  Owner                    = {stapor},
  Timestamp                = {2015.06.05}
}

@Article{Ginzburg,
  Title                    = {Method of orbits in the representation theory of complex {L}ie groups},
  Author                   = {Ginzburg, V.},
  Journal                  = {Functional analysis and its applications},
  Year                     = {1981},
  Pages                    = {18-28},
  Volume                   = {15},

  Owner                    = {stapor},
  Timestamp                = {2015.05.29}
}

@Article{gold,
  Title                    = {The formal power series for log($e^xe^y$)},
  Author                   = {K. Goldberg},
  Journal                  = {Duke Mathematical Journal},
  Year                     = {1956},
  Pages                    = {13-21},
  Volume                   = {23},

  Owner                    = {Paul},
  Timestamp                = {2015.01.05}
}

@Book{Knuth,
  Title                    = {Concrete Mathematics},
  Author                   = {Graham, L. G. and Knuth, D. E. and Patashnik, O.},
  Publisher                = {Addison-Wesley Publishing Company},
  Year                     = {1994},
  Edition                  = {2},

  Owner                    = {stapor},
  Timestamp                = {2015.06.05}
}

@Article{Groenewold,
  Title                    = {On the principles of elementary quantum mechanics},
  Author                   = {Groenewold, H. J.},
  Journal                  = {Physica},
  Year                     = {1946},
  Pages                    = {405-460},
  Volume                   = {12},

  Owner                    = {stapor},
  Timestamp                = {2015.06.09}
}

@Article{gutt_sp,
  Title                    = {An explicit $^*$-product on the cotangent bundle of a {L}ie group},
  Author                   = {S. Gutt},
  Journal                  = {Lett. Math. Phys.},
  Year                     = {1983},
  Pages                    = {249-258},
  Volume                   = {7},

  Owner                    = {Paul},
  Timestamp                = {2015.01.27}
}

@Book{Hoermander,
  Title                    = {The analysis of linear partial differential operators},
  Author                   = {H\"ormander, L.},
  Publisher                = {Springer Verlag},
  Year                     = {1990},
  Note                     = {volumes I - IV},

  Owner                    = {stapor},
  Timestamp                = {2015.06.02}
}

@Book{bhall,
  Title                    = {Lie Groups, {L}ie Algebras, and Representations},
  Author                   = {B. C. Hall},
  Publisher                = {Springer-Verlag},
  Year                     = {2010},

  Owner                    = {Paul},
  Timestamp                = {2015.01.27}
}

@Article{Hartogs,
  Title                    = {Zur Theorie der analytischen Funktionen mehrerer unabh\"angiger Ver\"anderlichen, insbesondere über die Darstellung derselben durch Reihen, welche nach Potenzen einer Ver\"anderlichen fortschreiten},
  Author                   = {Hartogs, M. F.},
  Journal                  = {Mathematische Annalen},
  Year                     = {1906},
  Number                   = {1},
  Pages                    = {1-88},
  Volume                   = {62},

  Owner                    = {stapor},
  Timestamp                = {2015.06.09}
}

@Article{hausd,
  Title                    = {Die symbolische {E}xponentialformel in der {G}ruppentheorie},
  Author                   = {F. Hausdorff},
  Journal                  = {Sächsische Akademie der Wissenschaften},
  Year                     = {1906},
  Pages                    = {19–48},
  Volume                   = {58},

  Owner                    = {Paul},
  Timestamp                = {2015.01.27}
}

@Book{hilgneeb,
  Title                    = {Lie-{Gruppen} und {L}ie-{A}lgebren},
  Author                   = {Hilgert, J. and Neeb, K. H.},
  Publisher                = {Vieweg},
  Year                     = {1991},

  Owner                    = {Paul},
  Timestamp                = {2015.01.27}
}

@Book{jacob,
  Title                    = {Lie algebras},
  Author                   = {Nathan Jacobson},
  Editor                   = {L. Bers, R. Courant, J. J. Stoker},
  Publisher                = {Interscience publishers (John Wiley \& Sons)},
  Year                     = {1962},
  Series                   = {Interscience tracts in pure an applied mathematics},
  Volume                   = {10},

  Owner                    = {Paul},
  Timestamp                = {2015.01.05}
}

@Book{Jarchow,
  Title                    = {Locally Convex Spaces},
  Author                   = {Jarchow, H.},
  Publisher                = {B. G. Teubner},
  Year                     = {1981},

  Owner                    = {stapor},
  Timestamp                = {2015.05.29}
}

@Unpublished{kath,
  Title                    = {Kontsevich's universal formula for defomartion quantization and the {C}ampbell-{B}aker-{H}ausdorff formula {I}},
  Author                   = {Kathotia, V.},
  Note                     = {Preprint, arXiv:math/9811174v2 [math.QA]},
  Year                     = {1998},

  Owner                    = {Paul},
  Timestamp                = {2014.12.24}
}

@Book{Kirillov,
  Title                    = {Lectures on the Orbit Method},
  Author                   = {Kirillov, A. A.},
  Publisher                = {American Mathematical Society},
  Year                     = {2004},
  Series                   = {Graduate Studies in Mathematics},
  Volume                   = {64},

  Owner                    = {stapor},
  Timestamp                = {2015.05.29}
}

@Article{Kontsevich,
  Title                    = {Deformation quantization of {P}oisson manifolds, I},
  Author                   = {Kontsevich, M.},
  Journal                  = {Letters in Mathematical Physics},
  Year                     = {2003},
  Pages                    = {157-216},
  Volume                   = {66},

  Owner                    = {stapor},
  Timestamp                = {2015.05.29}
}

@Electronic{lus_ber_oeis,
  Title                    = {The computation and asymptotics of the {B}ernoulli numbers},
  Author                   = {Luschny, P.},
  HowPublished             = {The {O}n-{L}ine {E}ncyclopedia of {I}nteger {S}equences},
  Note                     = {Url: \textit{http://oeis.org/wiki/User:Peter\_Luschny/ComputationAndAsymptoticsOf
BernoulliNumbers}},
  Organization             = {The {O}n-{L}ine {E}ncyclopedia of {I}nteger {S}equences},
  Url                      = {http://oeis.org/wiki/User:Peter_Luschny/ComputationAndAsymptoticsOfBernoulliNumbers},

  Owner                    = {Paul},
  Timestamp                = {2015.02.02}
}

@Book{Majid,
  Title                    = {Foundations of quantum group theory},
  Author                   = {Majid, S.},
  Publisher                = {Cambridge University Press},
  Year                     = {2000},

  Owner                    = {stapor},
  Timestamp                = {2015.05.29}
}

@Book{MarsdenRatiu,
  Title                    = {Introduction to Mechanics and Symmetry},
  Author                   = {Marsden, J. and Ratiu, T.},
  Publisher                = {Springer Verlag},
  Year                     = {2010},
  Edition                  = {2},
  Series                   = {Texts in applied mathematics},
  Volume                   = {17},

  Owner                    = {stapor},
  Timestamp                = {2015.05.29}
}

@Book{Michor,
  Title                    = {Topics in Differential Geometry},
  Author                   = {Michor, P.},
  Publisher                = {American Mathematical Society},
  Year                     = {2008},
  Series                   = {Graduate studies in mathematics},

  Owner                    = {stapor},
  Timestamp                = {2015.05.29}
}

@Article{Moyal,
  Title                    = {Quantum mechanics as a statistical theory},
  Author                   = {Moyal, J. E.},
  Journal                  = {Proceedings of the Cambridge Philosophical Society},
  Year                     = {1949},
  Pages                    = {99-124},
  Volume                   = {45},

  Owner                    = {stapor},
  Timestamp                = {2015.06.09}
}

@Article{muller,
  Title                    = {Nil, Nilpotent and PI-Algebras},
  Author                   = {Müller, V.},
  Journal                  = {Functional Analysis and Operator Theory},
  Year                     = {1994},
  Volume                   = {30},

  Owner                    = {stapor},
  Timestamp                = {2015.05.19}
}

@Misc{NeebLong,
  Title                    = {Towards a {L}ie Theory of locally convex groups},

  Author                   = {Neeb, K. H.},
  HowPublished             = {Preprint},
  Note                     = {arXiv:1501.06269},
  Year                     = {2015},

  Owner                    = {stapor},
  Timestamp                = {2015.05.29}
}

@MastersThesis{neu_dipl,
  Title                    = {Sternprodukte auf {K}otangentenbündeln und {O}rdnungs-{V}orschriften},
  Author                   = {N. Neumaier},
  School                   = {Albert-{L}udwig-{U}niversität {F}reiburg},
  Year                     = {1998},
  Month                    = {April},
  Type                     = {Diploma-Thesis},

  Owner                    = {Paul},
  Timestamp                = {2015.01.27}
}

@Article{nt,
  Title                    = {Numerical values of {G}oldberg’s coefficients in the series for log($e^xe^y$)},
  Author                   = {M. Newman and R. C. Thompson},
  Journal                  = {Mathematics of Computation},
  Year                     = {1987},
  Number                   = {177},
  Pages                    = {265-271},
  Volume                   = {48},

  Owner                    = {Paul},
  Timestamp                = {2015.01.05}
}

@Unpublished{PflaumSchott,
  Title                    = {Holomorphic deformation of Hopf algebras and applications to quantum groups},
  Author                   = {Pflaum, M. and Schottenloher, M.},
  Note                     = {Preprint, arXiv:q-alg/9612015},
  Year                     = {1996},

  Owner                    = {stapor},
  Timestamp                = {2015.06.12}
}

@Book{ReedSimon,
  Title                    = {Methods of modern mathematical physics},
  Author                   = {Reed, M. and Simon, B.},
  Publisher                = {Academic Press},
  Year                     = {1972},
  Note                     = {volumes I - IV},

  Owner                    = {stapor},
  Timestamp                = {2015.06.02}
}

@Article{RieffelQuestions,
  Title                    = {Questions on quantization},
  Author                   = {Rieffel, M.},
  Journal                  = {Contemporary Mathematics},
  Year                     = {1998},
  Volume                   = {228},

  Owner                    = {stapor},
  Timestamp                = {2015.05.29}
}

@Article{RieffelCStar,
  Title                    = {Quantization and $C^*$-Algebras},
  Author                   = {Rieffel, M.},
  Journal                  = {Contemporary Mathematics},
  Year                     = {1994},
  Volume                   = {167},

  Owner                    = {stapor},
  Timestamp                = {2015.05.29}
}

@InProceedings{RieffelOp,
  Title                    = {Deformation Quantization and Operator Algebras},
  Author                   = {Rieffel, M.},
  Booktitle                = {Proceedings of Symposia in Pure Mathematics},
  Year                     = {1990},

  Owner                    = {stapor},
  Timestamp                = {2015.05.29}
}

@Article{RieffelHeisenberg,
  Title                    = {Deformation Quantization of Heisenberg Manifolds},
  Author                   = {Rieffel, M.},
  Journal                  = {Communications in Mathematical Physics},
  Year                     = {1989},
  Pages                    = {531-562},
  Volume                   = {122},

  Owner                    = {stapor},
  Timestamp                = {2015.06.12}
}

@Book{Riordan,
  Title                    = {Combinatorial Identities},
  Author                   = {Riordan, J.},
  Publisher                = {Wiley and Sons Inc.},
  Year                     = {1968},

  Owner                    = {stapor},
  Timestamp                = {2015.06.05}
}

@Book{Rudin,
  Title                    = {Functional Analysis},
  Author                   = {Rudin, W.},
  Publisher                = {McGraw-Hill, Inc.},
  Year                     = {1991},
  Edition                  = {2},

  Owner                    = {stapor},
  Timestamp                = {2015.05.29}
}

@MastersThesis{Schoetz,
  Title                    = {Konvergente {S}ternprodukte auf {H}ilbertr\"aumen},
  Author                   = {Sch\"otz, M.},
  School                   = {Julius-Maximilians-Universit\"at W\"urzburg},
  Year                     = {2014},

  Owner                    = {stapor},
  Timestamp                = {2015.05.29}
}

@Book{Schmudgen,
  Title                    = {Unbounded Operator Algebras and Representation Theory},
  Author                   = {Schm\"udgen, K.},
  Publisher                = {Birkh\"auser Verlag},
  Year                     = {1990},
  Series                   = {Operator Theory: Advances and Applications},
  Volume                   = {37},

  Owner                    = {stapor},
  Timestamp                = {2015.06.12}
}

@Article{schur,
  Title                    = {Zur {T}heorie der endlichen {T}ransformationsgruppen},
  Author                   = {F. Schur},
  Journal                  = {Math. Ann.},
  Year                     = {1891},
  Volume                   = {39},

  Owner                    = {Paul},
  Timestamp                = {2015.01.27}
}

@Article{ShulmanJSR,
  Title                    = {Joint spectral radius, operator semigroups, and a problem of W. Wojty\`nski},
  Author                   = {Shulman, V. S. and Turovskiy, Y. V.},
  Journal                  = {Journal of Functional Analysis},
  Year                     = {2000},
  Pages                    = {383-441},
  Volume                   = {177},

  Owner                    = {stapor},
  Timestamp                = {2015.05.29}
}

@Article{ThompsonConv,
  Title                    = {Convergence proof for {G}oldberg's exponential series},
  Author                   = {Thompson, R. C.},
  Journal                  = {Linear Algebra and its Applications},
  Year                     = {1989},
  Pages                    = {3-7},
  Volume                   = {121},

  Owner                    = {stapor},
  Timestamp                = {2015.05.29}
}

@Article{tho,
  Title                    = {Cyclic relations and the {G}oldberg coefficients in the {C}ampbell–{B}aker–{H}ausdorff formula},
  Author                   = {R. C. Thompson},
  Journal                  = {Proceedings of the American Mathematical Society},
  Year                     = {1982},
  Number                   = {1},
  Pages                    = {12-14},
  Volume                   = {86},

  Owner                    = {Paul},
  Timestamp                = {2015.01.09}
}

@Book{Vaismann,
  Title                    = {Lectures on the Geometry of {P}oisson Manifolds},
  Author                   = {Vaismann, I.},
  Editor                   = {Oesterl\'e, j. and Weinstein, A.},
  Publisher                = {Birkh\"auser Verlag},
  Year                     = {1994},
  Series                   = {Progress in Mathematics},
  Volume                   = {118},

  Owner                    = {stapor},
  Timestamp                = {2015.05.29}
}

@Book{vara,
  Title                    = {Lie Groups, {L}ie Algebras and Their Representations},
  Author                   = {V. S. Varadarajan},
  Publisher                = {Springer-Verlag},
  Year                     = {1984},

  Owner                    = {Paul},
  Timestamp                = {2015.01.27}
}

@Unpublished{w_algdyn,
  Title                    = {Operator-Algebraic Methods in Quantum Mechanics},
  Author                   = {Waldmann, S.},
  Note                     = {Lecture Notes},

  Owner                    = {Paul},
  Timestamp                = {2015.03.09}
}

@Unpublished{WaldmannGeo,
  Title                    = {Differential Geometry},
  Author                   = {Waldmann, S.},
  Note                     = {Lecture notes (on differential, symplectic and {Poisson} geometry)},
  Year                     = {2015},

  Owner                    = {stapor},
  Timestamp                = {2015.05.29}
}

@Article{w_nuc,
  Title                    = {A nuclear {W}eyl algebra},
  Author                   = {Waldmann, S.},
  Journal                  = {J. Geom. Physics},
  Year                     = {2014},
  Pages                    = {10-46},
  Volume                   = {81},

  Owner                    = {Paul},
  Timestamp                = {2015.03.06}
}

@Book{WaldmannPoissonDQ,
  Title                    = {Poisson-{G}eometrie und {D}eformationsquantisierung},
  Author                   = {Waldmann, S.},
  Publisher                = {Springer Verlag},
  Year                     = {2007},

  Owner                    = {stapor},
  Timestamp                = {2015.05.29}
}

@Book{Werner,
  Title                    = {Funktionalanalysis},
  Author                   = {Werner, D.},
  Publisher                = {Springer Verlag},
  Year                     = {2002},
  Edition                  = {4},

  Owner                    = {stapor},
  Timestamp                = {2015.05.29}
}

@Article{Weyl,
  Title                    = {Quantenmechanik und Gruppentheorie},
  Author                   = {Weyl, H.},
  Journal                  = {Zeitschrift für Physik},
  Year                     = {1927},
  Pages                    = {1-46},
  Volume                   = {46},

  Owner                    = {stapor},
  Timestamp                = {2015.06.09}
}

@Article{wojtynski,
  Title                    = {Quasi-nilpotent {B}anach-{L}ie-Algebras are {B}aker-{C}ampbell-{H}ausdorff},
  Author                   = {Wojtynski},
  Journal                  = {Journal of Functional Analysis},
  Year                     = {1998},
  Pages                    = {405-413},
  Volume                   = {153},

  Owner                    = {stapor},
  Timestamp                = {2015.05.19}
}

